@article{Mader2014,
    author = {Mader, D. and Westfeld, P. and Maas, H.-G.},
    journal = {ISPRS - International Archives of the Photogrammetry, Remote Sensing and Spatial Information Sciences},
    number = {June},
    pages = {385--393},
    title = {An Integrated Flexible Self-calibration Approach for 2D Laser Scanning Range Finders Applied to the {Hokuyo UTM-30LX-EW}},
    volume = {XL-5},
    year = {2014}
}

@article{Pomerleau_1996_616,
   author = "Dean Pomerleau and Todd Jochem",
   title = "Rapidly Adapting Machine Vision for Automated Vehicle Steering",
   journal = "IEEE Expert: Special Issue on Intelligent System and their Applications",
   pages = "19-27",
   month = "April",
   year = "1996",
   volume = "11",
   number = "2"
}
@book{Thrun:2005:PR:1121596,
    author = {Thrun, Sebastian and Burgard, Wolfram and Fox, Dieter},
    title = {Probabilistic Robotics (Intelligent Robotics and Autonomous Agents)},
    year = {2005},
    isbn = {0262201623},
    publisher = {The MIT Press},
}

@misc{LMS200Manual,
    author = {SICK},
    title = {{Technical Documentation LMS200/211/221/291 Laser Measurement Systems}},
    month = dec,
    year = {2006}
}
@misc{LMS151Datasheet,
    author = {SICK},
    booktitle = {System},
    title = {{SICK LMS151 Datasheet}}
}
@misc{LMS151Manual,
    author = {SICK},
    title = {{SICK LMS1xx Operating Instructions}}
}
@misc{UTMDatasheet,
    author = {Hokuyo},
    title = {{Scanning Laser Range Finder UTM-30LX-EW Specification}}
}
@misc{VelodyneDatasheet,
    author = {Velodyne},
    title = {{Velodyne HDL-32E Datasheet}},
    url = {http://velodynelidar.com/lidar/products/manual/63-9113 HDL-32E manual\_Rev E\_NOV2012.pdf}
}
@misc{VelodyneManual,
    author = {Velodyne},
    title = {{Velodyne HDL-32E User's Manual}}
}


@online{ROSWeb,
    author = {{Willow Garage}},
    title = {Robot Operating System},
    urldate = {2015-06-30},
    url = {http://www.ros.org/}
}
@online{LMS200Web,
    author = {Rockey, Chad},
    title = {sicktoolbox\_wrapper},
    month = oct,
    year = {2013},
    urldate = {2015-06-30},
    url = {http://wiki.ros.org/sicktoolbox\_wrapper}
}
@online{LMS151Web,
    author = {Banachowicz, Konrad},
    title = {LMS1xx},
    month = may,
    year = {2015},
    urldate = {2015-06-30},
    url = {http://wiki.ros.org/LMS1xx}
}
@online{HokuyoWeb,
    author = {Rockey, Chad},
    title = {urg\_node},
    month = aug,
    year = {2014},
    urldate = {2015-06-30},
    url = {http://wiki.ros.org/urg\_node}
}
@online{VelodyneWeb,
    author = {O'Quin, Jack},
    title = {velodyne},
    month = sep,
    year = {2013},
    urldate = {2015-06-30},
    url = {http://wiki.ros.org/velodyne}
}
@online{LaserScan,
    author = {Autogenerated},
    title = {{sensor\_msgs/LaserScan Message}},
    month = may,
    year = {2015},
    urldate = {2015-06-30},
    url = {{http://docs.ros.org/api/sensor\_msgs/html/msg/LaserScan.html}}
}
@online{PointCloud2,
    author = {Autogenerated},
    title = {{sensor\_msgs/PointCloud2 Message}},
    month = may,
    year = {2015},
    urldate = {2015-06-30},
    url = {{http://docs.ros.org/api/sensor\_msgs/html/msg/PointCloud2.html}}
}
@online{WeatherCanada,
    author = {Government of Canada},
    title = {Canadian Weather},
    urldate = {2015-06-30},
    url = {{http://weather.gc.ca/canada_e.html}}
}

